@book{huyen2022designing,
address = {USA},
author={Huyen, Chip},
isbn={978-1801819312},
publisher={O'Reilly},
title={Designing Machine Learning Systems},
year={2022},
}
